<?xml version="1.0" encoding="UTF-8"?><record xmlns="http://www.loc.gov/MARC21/slim" xmlns:cinclude="http://apache.org/cocoon/include/1.0" xmlns:zs="http://www.loc.gov/zing/srw/">
  <leader>00463cz  a2200145n  4500</leader>
  <controlfield tag="001">n  82009752 </controlfield>
  <controlfield tag="003">DLC</controlfield>
  <controlfield tag="005">20090116075633.0</controlfield>
  <controlfield tag="008">820226n| acannaabn          |a ana      </controlfield>
  <datafield tag="010" ind1=" " ind2=" ">
    <subfield code="a">n  82009752 </subfield>
  </datafield>
  <datafield tag="035" ind1=" " ind2=" ">
    <subfield code="a">(OCoLC)oca00707049</subfield>
  </datafield>
  <datafield tag="040" ind1=" " ind2=" ">
    <subfield code="a">DLC</subfield>
    <subfield code="b">eng</subfield>
    <subfield code="c">DLC</subfield>
    <subfield code="d">OCoLC</subfield>
  </datafield>
  <datafield tag="110" ind1="1" ind2=" ">
    <subfield code="a">Ceylon.</subfield>
    <subfield code="b">Kr̥aṣikarma hā Āhāra Kaṭayutu Piḷibanda Amātyāṃsaya</subfield>
  </datafield>
  <datafield tag="510" ind1="1" ind2=" ">
    <subfield code="w">a</subfield>
    <subfield code="a">Ceylon.</subfield>
    <subfield code="b">Ministry of Agriculture and Food</subfield>
  </datafield>
  <datafield tag="670" ind1=" " ind2=" ">
    <subfield code="a">The Development of the cattle ... 1970.</subfield>
  </datafield>
</record>